% Encoding: UTF-8

@MISC{yandex_blog,
	title = {The Linux Kernel documentation [Электронный ресурс]},
	howpublished = {Электронные данные},
  	note = {Режим доступа: \text{https://www.kernel.org/doc/html/latest/}. --- Дата
		доступа: 30.03.2018},
 	 owner = {mstyura},
  	timestamp = {2018.03.30}
}

@MISC{qtransform,
  title = {Linux Kernel Development, Third Edition},
  year = {2010},
  author = {Robert Love},
  timestamp = {2018.03.30}
}

@MISC{mfcc,
  title = {Understanding the Linux Kernel, Third Edition},
  year = {2006},
  pages = {228},
  author = {Daniel P. Bovet, Marco Cesati},
  timestamp = {2018.03.30}
}

@Comment{jabref-meta: databaseType:biblatex;}
